<collection xmlns="http://www.loc.gov/MARC21/slim">
   <record>
      <leader>03548cam a2200445 i 4500</leader>
      <controlfield tag="001">6815344</controlfield>
      <controlfield tag="003">OCoLC</controlfield>
      <controlfield tag="005">20150211084325.0</controlfield>
      <controlfield tag="008">140930t20152015ne ah    b    101 0 eng  </controlfield>
      <datafield ind1=" " ind2=" " tag="010">
         <subfield code="a">  2014038664</subfield>
      </datafield>
      <datafield ind1=" " ind2=" " tag="020">
         <subfield code="a">9789004249592</subfield>
         <subfield code="q">hardback : alk. paper</subfield>
      </datafield>
      <datafield ind1=" " ind2=" " tag="020">
         <subfield code="a">9004249591</subfield>
         <subfield code="q">hardback : alk. paper</subfield>
      </datafield>
      <datafield ind1=" " ind2=" " tag="020">
         <subfield code="z">9789004284340</subfield>
         <subfield code="q">e-book</subfield>
      </datafield>
      <datafield ind1=" " ind2=" " tag="020">
         <subfield code="z">9004284346</subfield>
         <subfield code="q">e-book</subfield>
      </datafield>
      <datafield ind1=" " ind2=" " tag="035">
         <subfield code="a">ocn892213037</subfield>
      </datafield>
      <datafield ind1=" " ind2=" " tag="040">
         <subfield code="a">DLC</subfield>
         <subfield code="b">eng</subfield>
         <subfield code="e">rda</subfield>
         <subfield code="c">DLC</subfield>
         <subfield code="d">YDXCP</subfield>
         <subfield code="d">OCLCQ</subfield>
         <subfield code="d">BTCTA</subfield>
         <subfield code="d">LGG</subfield>
         <subfield code="d">OCLCO</subfield>
         <subfield code="d">UAB</subfield>
         <subfield code="d">AEU</subfield>
      </datafield>
      <datafield ind1=" " ind2=" " tag="042">
         <subfield code="a">pcc</subfield>
      </datafield>
      <datafield ind1="0" ind2="0" tag="050">
         <subfield code="a">PJ7593</subfield>
         <subfield code="b">.I58 2006</subfield>
      </datafield>
      <datafield ind1="0" ind2="0" tag="082">
         <subfield code="a">492/.717</subfield>
      </datafield>
      <datafield ind1=" " ind2=" " tag="090">
         <subfield code="a">PJ 7593 I58 2006</subfield>
         <subfield code="b">AEU</subfield>
      </datafield>
      <datafield ind1="2" ind2=" " tag="110">
         <subfield code="a">International Society for Arabic Papyrology.</subfield>
         <subfield code="b">Conference</subfield>
         <subfield code="n">(3rd :</subfield>
         <subfield code="d">2006 :</subfield>
         <subfield code="c">Alexandria, Egypt)</subfield>
         <subfield code="0">http://id.loc.gov/authorities/names/n2014060497</subfield>
         <subfield code="0">http://viaf.org/viaf/310713025</subfield>
      </datafield>
      <datafield ind1="1" ind2="0" tag="245">
         <subfield code="a">Documents and the history of the early Islamic world /</subfield>
         <subfield code="c">edited by Alexander T. Schubert, Petra M. Sijpesteijn.</subfield>
      </datafield>
      <datafield ind1=" " ind2="1" tag="264">
         <subfield code="a">Leiden ;</subfield>
         <subfield code="a">Boston :</subfield>
         <subfield code="b">Brill,</subfield>
         <subfield code="c">[2015]</subfield>
      </datafield>
      <datafield ind1=" " ind2="4" tag="264">
         <subfield code="c">©2015</subfield>
      </datafield>
      <datafield ind1=" " ind2=" " tag="300">
         <subfield code="a">xiii, 313 pages :</subfield>
         <subfield code="b">illustrations, color facsimiles ;</subfield>
         <subfield code="c">25 cm.</subfield>
      </datafield>
      <datafield ind1=" " ind2=" " tag="336">
         <subfield code="a">text</subfield>
         <subfield code="b">txt</subfield>
         <subfield code="2">rdacontent</subfield>
         <subfield code="0">http://id.loc.gov/vocabulary/contentTypes/txt</subfield>
      </datafield>
      <datafield ind1=" " ind2=" " tag="337">
         <subfield code="a">unmediated</subfield>
         <subfield code="b">n</subfield>
         <subfield code="2">rdamedia</subfield>
         <subfield code="0">http://id.loc.gov/vocabulary/mediaTypes/n</subfield>
      </datafield>
      <datafield ind1=" " ind2=" " tag="338">
         <subfield code="a">volume</subfield>
         <subfield code="b">nc</subfield>
         <subfield code="2">rdacarrier</subfield>
         <subfield code="0">http://id.loc.gov/vocabulary/carriers/nc</subfield>
      </datafield>
      <datafield ind1="1" ind2=" " tag="490">
         <subfield code="a">Islamic history and civilization : studies and texts,</subfield>
         <subfield code="x">0929-2403 ;</subfield>
         <subfield code="v">volume 111</subfield>
      </datafield>
      <datafield ind1=" " ind2=" " tag="504">
         <subfield code="a">Includes bibliographical references and index.</subfield>
      </datafield>
      <datafield ind1="0" ind2=" " tag="505">
         <subfield code="a">Introduction / Hugh Kennedy -- Administration &amp; government: a late Ayyubid report of death found at Quṣayr al-Qadīm (Egypt) / Anne Regourd -- On the identity of Shahrālānyōzān in the Greek and Middle Persian papyri from Egypt / Jairus Banaji -- Le Monastère de Baouît et l'administration arabe / Alain Delattre -- Fiscal evidence from the Nessana Papyri / Shaun O'Sullivan -- Commerce &amp; travel: travel in Coptic documentary texts / Anna Selander -- Le transport de marchandises et de personnes sur le Nil en 823 A.H./1420 È.C. / Frédéric Bauden -- Language &amp; culture: P.Cair.Arab. III 167: a discussion of the Akhmīm declaration / Mostafa El-Abbadi -- Greek and Arabic in Nessana / Rachel Stroumsa -- The master spoke: "take one of 'the sun' and one unit of almulgam." Hitherto unnoticed Coptic papyrological evidence for early Arabic alchemy / Tonio Sebastian Richter -- Terms for vessels in Arabic and Coptic documentary texts and their archaeological and ethnographic correlates / Tascha Vorderstrasse -- A Qur'ānic amulet on papyrus: pP.Utah.Ar. 342 / Mat Malczycki -- New editions &amp; collections: Les papyrus arabes de Heidelberg disparus. Essai de reconstruction et d'analyse / R.G. Khoury -- Two new Arabic editions: a land survey from Ihnās and Ḥadīths concerning funerary practice / Alia Hanafi -- Sunshine wine on the Nile / Nicole Hansen.</subfield>
      </datafield>
      <datafield ind1=" " ind2=" " tag="596">
         <subfield code="a">43</subfield>
      </datafield>
      <datafield ind1=" " ind2="0" tag="650">
         <subfield code="a">Manuscripts, Arabic (Papyri)</subfield>
         <subfield code="v">Congresses.</subfield>
      </datafield>
      <datafield ind1="1" ind2=" " tag="700">
         <subfield code="a">Schubert, Alexander T.,</subfield>
         <subfield code="e">editor of compilation.</subfield>
         <subfield code="0">http://id.loc.gov/authorities/names/n2014060493</subfield>
         <subfield code="0">http://viaf.org/viaf/310713022</subfield>
      </datafield>
      <datafield ind1="1" ind2=" " tag="700">
         <subfield code="a">Sijpesteijn, Petra,</subfield>
         <subfield code="e">editor of compilation.</subfield>
         <subfield code="0">http://id.loc.gov/authorities/names/n2004048199</subfield>
         <subfield code="0">http://viaf.org/viaf/295922</subfield>
      </datafield>
      <datafield ind1=" " ind2=" " tag="758">
         <subfield code="0">http://worldcat.org/entity/work/id/503121491</subfield>
      </datafield>
      <datafield ind1="0" ind2=" " tag="787">
         <subfield code="n">OCLC Work Id</subfield>
         <subfield code="o">http://worldcat.org/entity/work/id/503121491</subfield>
      </datafield>
      <datafield ind1=" " ind2="0" tag="830">
         <subfield code="a">Islamic history and civilization ;</subfield>
         <subfield code="v">v. 111.</subfield>
      </datafield>
      <datafield ind1=" " ind2=" " tag="949">
         <subfield code="a">PJ 7593 I58 2006</subfield>
         <subfield code="h">UAHS-B</subfield>
         <subfield code="i">0162035248077</subfield>
      </datafield>
      <datafield ind1=" " ind2=" " tag="926">
         <subfield code="a">PJ 7593 I58 2006</subfield>
         <subfield code="w">LC</subfield>
         <subfield code="c">1</subfield>
         <subfield code="i">0162035248077</subfield>
         <subfield code="l">ON_SHELF</subfield>
         <subfield code="m">UAHSS</subfield>
         <subfield code="p">$150.00</subfield>
         <subfield code="r">Y</subfield>
         <subfield code="s">Y</subfield>
         <subfield code="t">BOOK</subfield>
         <subfield code="u">3/4/2015</subfield>
      </datafield>
   </record>
</collection>
